<record><leader>00000cas a22000007a 4500</leader><controlfield tag="001">12367769</controlfield><controlfield tag="008">850809d18671870gauwr ne      0    0eng d</controlfield><datafield ind1=" " ind2=" " tag="010"><subfield code="a">sn 85034017 </subfield></datafield><datafield ind1=" " ind2=" " tag="040"><subfield code="a">NPU</subfield><subfield code="b">eng</subfield><subfield code="c">NPU</subfield><subfield code="d">NPX</subfield><subfield code="d">NLG</subfield><subfield code="d">GUA</subfield><subfield code="d">OCLCQ</subfield><subfield code="d">OCLCF</subfield><subfield code="d">OCLCO</subfield></datafield><datafield ind1="1" ind2=" " tag="029"><subfield code="a">AU@</subfield><subfield code="b">000026291800</subfield></datafield><datafield ind1=" " ind2=" " tag="042"><subfield code="a">msc</subfield></datafield><datafield ind1=" " ind2=" " tag="043"><subfield code="a">n-us-ga</subfield></datafield><datafield ind1="0" ind2=" " tag="130"><subfield code="a">Cartersville express (Cartersville, Ga. : 1867)</subfield></datafield><datafield ind1="1" ind2="4" tag="245"><subfield code="a">The Cartersville express.</subfield></datafield><datafield ind1=" " ind2=" " tag="260"><subfield code="a">Cartersville, Ga. :</subfield><subfield code="b">Sam'l H. Smith and Rob't P. Milam,</subfield><subfield code="c">[1867-1870]</subfield></datafield><datafield ind1=" " ind2=" " tag="300"><subfield code="a">v. ;</subfield><subfield code="c">64 cm.</subfield></datafield><datafield ind1=" " ind2=" " tag="310"><subfield code="a">Weekly</subfield></datafield><datafield ind1="0" ind2=" " tag="362"><subfield code="a">Vol. 5, no. 41 (Apr. 19, 1867)-v. 9, no. 1 (June 2, 1870).</subfield></datafield><datafield ind1=" " ind2=" " tag="530"><subfield code="a">Also on microfilm: Athens, Ga. : University of Georgia Libraries.</subfield></datafield><datafield ind1=" " ind2="0" tag="651"><subfield code="a">Cartersville (Ga.)</subfield><subfield code="v">Newspapers.</subfield></datafield><datafield ind1=" " ind2="0" tag="651"><subfield code="a">Bartow County (Ga.)</subfield><subfield code="v">Newspapers.</subfield></datafield><datafield ind1=" " ind2="7" tag="655"><subfield code="a">Newspapers.</subfield><subfield code="2">fast</subfield><subfield code="0">(OCoLC)fst01423814</subfield></datafield><datafield ind1=" " ind2="7" tag="651"><subfield code="a">Georgia</subfield><subfield code="z">Bartow County.</subfield><subfield code="2">fast</subfield><subfield code="0">(OCoLC)fst01214862</subfield></datafield><datafield ind1=" " ind2="7" tag="651"><subfield code="a">Georgia</subfield><subfield code="z">Cartersville.</subfield><subfield code="2">fast</subfield><subfield code="0">(OCoLC)fst01216881</subfield></datafield><datafield ind1=" " ind2=" " tag="752"><subfield code="a">United States</subfield><subfield code="b">Georgia</subfield><subfield code="c">Bartow</subfield><subfield code="d">Cartersville.</subfield></datafield><datafield ind1="0" ind2="0" tag="780"><subfield code="t">Weekly Cartersville express</subfield><subfield code="w">(DLC)sn 88054133</subfield><subfield code="w">(OCoLC)20609242</subfield></datafield><datafield ind1="0" ind2="0" tag="785"><subfield code="t">Cartersville weekly express</subfield><subfield code="w">(DLC)sn 88054132</subfield><subfield code="w">(OCoLC)20609321</subfield></datafield></record>